1520 2554
379 307 500 359 TH
519 303 564 362 Σ
618 305 934 359 ΙΛΙΑΔΟ
951 302 995 361 Σ

489 431 785 470 ΡΑΨΩΙΔΙΑ
821 430 875 470 Σ.

506 652 876 681 ARGUMENTUM.

118 706 416 752 REPORTATIO
436 723 562 761 corporis
583 722 710 750 Patrocli
730 722 758 749 in
778 727 869 749 castra
887 731 1026 749 summam
1047 722 1150 760 prioris
1171 723 1262 761 partis

116 763 180 791 libri
199 763 358 791 coustituit.
404 763 518 791 Interea
538 763 606 790 dum
627 763 732 799 Ajaces
751 761 896 800 repellunt
917 762 1057 798 Trojanos
1078 772 1113 790 ne
1133 773 1190 796 eos,
1211 764 1261 800 qui

118 802 242 830 Patrocli
259 813 361 841 corpus
376 809 502 841 portant,
515 803 671 834 retardent,
683 802 858 829 Antilochus
873 801 909 829 ad
922 801 1066 830 Achillem
1079 803 1213 830 nuntium
1226 803 1262 831 de

118 842 242 870 Patrocli
258 849 350 870 morte
366 843 531 881 perfert—2
543 852 563 870 1.
579 843 627 870 ille
648 842 757 879 ingenti
774 841 872 869 dolore
887 842 1017 878 furit—3
1023 850 1048 878 5.
1071 842 1152 870 audit
1170 848 1262 870 mater

118 882 219 910 Thetis
234 888 262 910 et
278 883 409 915 accurrit,
420 883 526 910 doloris
537 892 664 910 caussam
676 887 767 919 rogat,
781 892 816 909 ex
829 891 862 909 eo
875 882 1045 919 audit—93.
1061 882 1139 910 dolet
1149 888 1178 910 et
1190 883 1261 921 ipsa,

117 922 194 959 quod
209 928 290 950 norat
312 923 445 950 Patroclo
465 933 536 951 caeso
555 923 610 960 ipsi
628 932 742 959 quoque
763 921 821 948 filio
842 928 963 949 mortem
984 922 1181 959 instare—96.
1205 933 1262 960 quo

117 962 216 990 audito
238 968 358 990 mortem
381 963 481 990 saltem
501 963 583 990 amici
604 962 701 990 ulcisci
723 961 873 989 constituit
893 962 1130 990 Achilles—126.
1167 963 1262 990 Docet

117 1008 217 1033 mater,
231 1012 295 1030 cum
311 1003 421 1030 amissis
437 1002 571 1030 Patroclo
583 1001 705 1040 spoliato
720 1001 815 1035 armis,
832 1001 948 1029 inermis
963 1002 992 1029 in
1008 1013 1132 1040 pugnam
1147 1002 1263 1040 prodire

116 1048 249 1079 nequeat,
266 1053 338 1070 nova
358 1053 387 1070 se
407 1043 432 1070 ei
452 1053 529 1070 arma
548 1042 698 1070 allaturam
719 1051 780 1069 esse
800 1051 815 1068 a
834 1041 966 1069 Vulcano
986 1042 1262 1078 fabricanda—147.

117 1082 424 1120 Appropinquantibus
436 1083 495 1119 jam
511 1082 546 1110 ad
561 1088 652 1110 castra
668 1081 788 1109 Achivis
803 1081 891 1109 instat
906 1087 1003 1110 tamen
1019 1082 1139 1115 Hector,
1157 1088 1190 1110 ut
1206 1083 1262 1110 Pa-

116 1122 199 1149 trocli
212 1132 329 1160 corpore
341 1122 468 1160 potiatur
479 1134 486 1155 ,·
503 1122 603 1154 donec,
618 1121 695 1149 Iride
707 1126 852 1154 monente,
865 1121 973 1149 Achilli
987 1123 1016 1149 in
1031 1123 1158 1149 animum
1171 1123 1261 1156 venit,

116 1161 146 1188 in
161 1161 268 1189 vallum
283 1167 440 1190 castrorum
456 1162 571 1199 prodire
586 1167 614 1189 et
635 1161 776 1197 Trojanos
791 1161 837 1188 vel
852 1161 912 1188 solo
928 1168 1083 1200 conspectu
1095 1167 1212 1194 terrere,
1229 1168 1262 1190 ut

115 1201 237 1239 fugiant.
282 1202 408 1229 Patrocli
428 1212 530 1239 corpus
548 1202 576 1229 in
592 1207 683 1229 castra
699 1201 822 1228 ducitur.
866 1201 913 1229 Ita
930 1201 1000 1235 dies,
1016 1202 1099 1239 cujus
1118 1207 1181 1230 acta
1194 1203 1263 1230 inde

115 1251 132 1268 a
145 1241 218 1269 libro
233 1242 288 1269 XI.
304 1243 361 1276 (A.)
380 1248 492 1269 narrata
506 1247 597 1273 erant,
611 1241 825 1277 occidit—238.

157 1281 298 1318 ijanis,
314 1282 363 1318 qui
383 1288 450 1310 ante
467 1288 558 1309 castra
578 1282 757 1310 Achivorum
777 1280 976 1315 constiterant,
997 1282 1133 1311 concione
1151 1283 1260 1315 habita,

116 1321 217 1349 suadet
233 1322 413 1360 Polydamas,
429 1328 462 1350 ut
476 1322 507 1349 in
525 1323 624 1349 urbem
640 1332 670 1349 se
688 1321 837 1359 recipiant,
854 1331 906 1349 nec
926 1321 1071 1350 Achillem
1086 1323 1116 1350 in
1134 1333 1260 1361 pugnam

116 1367 231 1399 postero
247 1361 292 1389 die
308 1362 489 1399 proditurum
506 1362 565 1390 acie
585 1362 614 1389 in
634 1362 725 1399 campi
741 1362 861 1399 planitie
879 1362 1019 1390 instructa
1034 1363 1190 1401 excipiant,
1210 1363 1261 1392 sed

116 1410 181 1428 eum
196 1411 211 1428 a
226 1402 315 1429 muris
326 1402 480 1439 pugnando
492 1402 733 1437 avertant—283.
758 1402 866 1429 Contra
882 1402 994 1430 Hector
1008 1403 1132 1431 fortunae
1145 1403 1201 1431 diei
1216 1404 1261 1431 in-

117 1440 250 1468 standum
266 1447 354 1474 ratus,
375 1441 465 1469 altero
486 1441 532 1469 die
552 1447 642 1470 castra
658 1451 825 1479 oppugnare
844 1442 1015 1476 constituit3
1037 1444 1262 1472 assentientibus

118 1480 308 1517 Trojanis-—3
318 1490 360 1516 13·
376 1482 418 1509 At
430 1481 560 1510 Achilles
572 1482 663 1509 luctui
676 1492 726 1519 per
738 1486 851 1509 noctem
863 1482 1005 1519 indulget,
1021 1493 1073 1511 nec
1084 1494 1114 1511 se
1125 1484 1261 1511 humatu-

117 1530 180 1547 rum
193 1531 253 1548 esse
270 1521 434 1549 Patroclum
447 1521 608 1554 denuntiat,
622 1522 675 1548 nisi
690 1521 825 1549 Hectoris
837 1531 935 1549 necem
949 1522 1028 1550 ultus
1039 1523 1129 1550 fuerit
1140 1534 1148 1556 ;
1164 1523 1262 1551 decer-

117 1560 160 1588 nit
182 1561 268 1588 simul
287 1561 357 1590 xll.
379 1562 505 1599 captivos
527 1572 543 1589 e
563 1561 697 1597 Trojanis
713 1561 742 1588 in
764 1561 826 1598 ejus
843 1561 945 1589 funere
964 1562 1129 1596 immolare3
1152 1563 1262 1591 interea

117 1601 244 1638 captivas
258 1611 361 1640 corpus
376 1602 560 1629 circumstare
575 1601 774 1633 lamentantes,
790 1611 867 1628 nunc
887 1607 983 1629 autem
998 1602 1072 1630 illud
1086 1602 1191 1636 lavare,
1207 1613 1262 1631 un-

116 1650 183 1678 gere
197 1647 226 1669 et
242 1641 332 1669 linteo
346 1642 481 1679 obtegere
493 1642 577 1678 jubet
592 1650 607 1677 3
613 1650 627 1677 5
635 1649 661 1677 5.
698 1641 841 1678 Objurgat
853 1641 970 1679 Jupiter
981 1642 1000 1669 J
1004 1652 1128 1670 unonem
1144 1648 1262 1681 propter

117 1690 212 1708 rerum
228 1692 367 1709 summam
383 1682 417 1710 ab
432 1692 465 1709 ea
480 1682 520 1709 sic
534 1682 771 1714 administratam,
788 1687 820 1708 ut
835 1681 964 1709 Achilles
976 1682 1080 1710 iterum
1092 1683 1122 1710 in
1135 1693 1262 1721 pugnam

117 1721 346 1759 prodeat—368.
370 1722 473 1749 Thetis
488 1722 597 1750 interea
618 1721 779 1749 Vulcanum
799 1721 869 1754 adit,
889 1731 904 1749 a
920 1722 1047 1754 Charite,
1063 1723 1130 1751 inde
1149 1724 1262 1761 abipso

119 1761 247 1789 Vulcano
262 1762 417 1790 honorifice
428 1768 671 1800 excepta,-—427.
683 1761 753 1799 quid
764 1762 887 1799 petitum
904 1762 1008 1794 veniat,
1020 1763 1262 1801 exponit.—462.

120 1801 265 1830 Vulcanus
280 1808 421 1840 promtam
438 1802 615 1830 voluntatem
632 1807 779 1830 ostentans
791 1801 912 1830 discedit
924 1802 953 1829 in
965 1803 1116 1835 officinam,
1128 1809 1158 1832 et
1169 1814 1262 1832 31·ωο-

119 1851 182 1868 rum
198 1842 332 1870 fabricam
348 1843 514 1880 aggreditur
524 1851 644 1878 5—477.
672 1842 809 1880 Inprimis
824 1842 854 1869 in
869 1842 942 1870 scuti
962 1843 1069 1870 fabrica
1083 1848 1113 1871 et
1131 1844 1219 1882 signis
1232 1844 1262 1872 in

119 1890 153 1907 eo
168 1883 309 1919 expressis
323 1883 502 1921 exponendis
521 1883 654 1921 copiosus
669 1888 712 1910 est
727 1887 812 1920 poeta
827 1892 918 1919 usque
934 1882 969 1910 ad
984 1882 1049 1910 libri
1065 1889 1208 1912 extrema:
1233 1891 1263 1912 et

119 1920 154 1947 ab
173 1921 301 1958 episodio
323 1923 377 1950 hoe
396 1922 554 1960 rhapsodiae
574 1923 661 1960 hujus
680 1922 742 1950 laus
762 1928 791 1950 et
808 1933 911 1950 nomen
930 1923 1065 1956 (ἂπλωιοιΐα
1084 1934 1100 1951 a
1118 1925 1262 1953 veteribus

121 1960 255 1998 inscripta
270 1962 340 1995 fuit)
358 1967 401 1990 est
416 1963 586 2000 profectum.

163 2000 289 2028 Deorum
305 2002 496 2029 ministerium
512 2013 569 2030 non
585 2003 664 2030 abest
679 2003 714 2030 ab
729 2003 782 2030 hoc
797 2002 878 2030 libro,
904 2003 930 2030 [Τ
933 2008 944 2030 t
959 2008 1078 2035 taceam,
1094 2014 1157 2041 quae
1172 2004 1201 2032 in
1216 2015 1263 2032 or-

121 2041 261 2068 namentis
271 2047 348 2072 sunt,
361 2042 523 2069 Minervam
534 2052 638 2080 augere
650 2042 802 2070 clamorem
815 2042 938 2070 Achillis
948 2048 976 2070 et
985 2043 1042 2071 oris
1051 2049 1188 2073 terrorem
1196 2054 1262 2082 205.

123 2089 187 2115 217.
204 2081 310 2109 auditis
326 2081 376 2109 filii
393 2081 524 2109 lamentis
540 2082 642 2110 Thetis
653 2093 669 2110 e
685 2083 754 2110 mari
770 2093 917 2120 progressa
929 2084 1061 2117 accurrit,
1075 2083 1166 2112 filium
1181 2096 1263 2113 caus-

120 2131 178 2147 sam
203 2120 297 2149 luctus
319 2128 409 2159 rogat,
433 2127 462 2149 et
481 2132 557 2149 arma
580 2133 609 2150 se
632 2123 658 2149 ei
684 2132 744 2150 esse
764 2128 927 2151 curaturam
950 2124 1093 2161 promittit
1113 2133 1262 2161 35—147.

124 2160 225 2189 Postea
242 2161 375 2189 Thetidis
389 2162 530 2189 adventus
542 2162 571 2189 in
584 2162 719 2200 Olympo.
733 2163 876 2199 ingressus
891 2163 920 2190 iu
935 2163 1054 2191 Vulcani
1069 2164 1152 2198 aedes,
1165 2176 1264 2203 preces

123 2200 251 2228 Vulcano
266 2202 357 2232 factm.
374 2202 477 2239 deique
493 2202 614 2230 facilitas
631 2203 659 2229 in
674 2202 827 2231 annuendo
843 2208 871 2231 et
886 2204 971 2232 armis
983 2204 1155 2233 fabricandis
1166 2216 1262 2234 narra-
