1520 2554
233 151 291 180 504

259 225 308 248 tide
327 225 459 247 cohibetur.
478 227 506 247 A.
524 224 662 255 399—406.
682 225 713 247 cf.
731 226 781 247 An-

260 262 309 280 not.
335 257 495 280 Laomedonti
509 265 550 286 per
562 264 652 279 annum
665 257 780 284 serviens,

259 289 350 312 moenia
361 293 386 312 et
398 290 480 312 urbem
494 289 600 312 Troibus
611 289 739 312 exstruxit.
754 292 782 311 Φ.

258 328 379 351 441-57.
394 325 421 344 H.
434 328 489 351 452-
522 321 678 344 Munimenta
690 325 780 344 castro-

258 361 310 376 rum
325 357 378 383 post
390 354 479 376 bellum
493 353 628 383 Trojanum
641 353 736 376 evertit.
750 356 781 376 M.

262 394 269 408 1
277 393 298 415 7.
311 394 347 415 sq.

226 419 353 445 Nere'ides,
373 425 427 441 cuin
447 417 549 440 Thetide
564 417 656 447 lugent.
675 419 701 441 Σ.
720 423 782 446 37-

258 457 298 480 51.
310 458 362 473 eam
379 450 537 476 comitantur,
549 450 578 471 ad
591 449 709 472 Achillem
723 456 782 471 eun-

259 482 380 513 tem—69.
394 482 470 504 redire
480 482 605 511 jubentur,
622 481 738 510 138—44.

226 515 335 538 Neritus.
349 517 374 537 Β.
386 514 440 542 632.

227 547 322 572 Nesaea,
337 547 431 569 Nereis.
445 547 471 569 Σ.
485 552 524 573 40.

226 579 325 605 Nestor,
336 578 458 608 Pyliornm
469 578 526 599 dux.
540 580 565 599 B.
576 577 631 600 601.
648 576 707 606 Ejus
716 580 781 599 aetas.

259 614 286 634 Α.
305 617 358 640 250.
388 610 505 633 Achillem
529 613 553 632 ct
574 611 781 639 Agamemnonem

259 643 388 666 conciliare
401 642 488 664 studet.
503 644 529 664 A.
545 648 598 671 254.
634 641 692 670 Ejus
705 641 782 663 forma

259 675 368 698 induitur
380 673 495 704 Ὄνειρος,
508 682 521 696 a
533 674 594 696 *Jove
613 674 641 695 ad
654 674 782 702 Agamem-

259 715 346 730 nonem
361 707 455 729 missus.
468 709 494 728 Β.
509 713 546 729 20.
581 707 645 728 Ante
663 705 713 734 ejus
731 708 783 727 ten-

259 740 321 762 toria
332 740 431 761 habetur
441 740 552 761 Senatus.
562 744 601 768 53.
611 744 649 767 54.
667 737 781 763 Achivos,

259 778 396 798 mansuros,
405 771 486 793 statim
498 778 604 800 pugnare
612 771 689 799 jubet.
701 775 783 798 337-

259 803 298 826 68.
317 804 348 825 ib.
362 809 482 832 434—40.
500 802 581 831 copias
601 809 655 824 suas
676 801 781 824 instruit.

259 839 289 858 Δ.
305 842 359 865 293.
372 835 403 857 cs.
417 835 508 857 Annot.
521 842 575 856 eum
589 834 640 856 adit
652 835 781 863 Agamem·

261 873 449 896 non.313—-17.
486 867 605 889 Hortatur
623 866 734 892 Achivos,
754 872 783 887 ne

260 900 284 922 in
298 899 428 929 spoliandis
441 899 550 921 hostibus
568 901 701 920 morentur.
713 900 737 919 Z.
752 896 784 919 66

259 937 332 961 —72.
356 931 476 961 principes
499 931 588 953 excitat
611 930 640 952 ad
662 933 783 952 certamen

259 972 314 986 cum
329 964 441 986 Hectore.
456 966 483 985 H.
500 961 617 992 123—63.
633 961 736 984 induciis
749 961 783 984 fa·

260 996 306 1019 ctis
318 1003 392 1018 caesos
405 995 500 1025 sepeliri
513 999 537 1018 et
549 998 628 1017 castra
641 993 729 1016 muniri
744 994 783 1022 ju-

260 1029 307 1051 bet.
319 1034 440 1057 323-44.
466 1027 593 1049 Diomedis
606 1027 693 1049 virtute
705 1033 784 1048 serva-

260 1065 308 1087 tus,
321 1068 375 1082 cum
388 1067 416 1082 eo
430 1060 499 1087 fugit.
513 1062 540 1081 Θ.
554 1060 674 1088 80—159.
703 1059 783 1081 Excu-

260 1093 312 1115 bias
329 1092 443 1114 collocari
459 1092 535 1121 jubet.
551 1094 570 1113 1.
587 1091 690 1121 52—78.
709 1093 734 1112 et
751 1090 783 1112 A-

259 1125 355 1148 chillem
376 1124 473 1153 placari.
492 1124 613 1155 96—113.
632 1123 686 1145 add.
707 1122 785 1145 162—

262 1164 299 1186 73.
332 1157 540 1186 Agamemnonem
554 1155 683 1178 sollicitum
698 1161 784 1177 conso-

260 1190 332 1211 latur.
346 1192 373 1211 K.
390 1195 522 1217 101—107.
539 1188 702 1217 exploratores
720 1186 784 1209 mitti

256 1221 331 1251 jubet.
346 1226 464 1250 204—17.
478 1228 547 1249 quos,
561 1220 673 1249 Ulyssem
689 1223 714 1241 et
724 1218 783 1240 Dio-

261 1253 366 1279 medem,
387 1253 522 1280 redeuntes,
542 1252 684 1280 interrogat.
705 1256 784 1280 532—

261 1291 301 1314 53.
322 1285 445 1307 Adversus
458 1285 588 1306 Hectorem
603 1286 707 1312 pugnat:
730 1282 784 1304 Ma-

262 1318 379 1340 chaonem
392 1316 544 1338 vulneratum
558 1315 645 1345 proelio
658 1314 785 1337 subtrahit.

263 1352 292 1372 A.
303 1355 421 1379 501—20.
436 1349 465 1370 ad
478 1352 556 1370 castra
569 1346 722 1369 venit—622.
743 1346 787 1368 Pa-

264 1382 341 1404 troclo
355 1384 436 1403 narrat
454 1380 582 1402 discrimen
601 1387 689 1401 rerum.
707 1378 787 1409 669—

266 1413 321 1443 761.
348 1412 448 1435 Achillis
461 1416 485 1434 et
498 1411 599 1434 Patrocli
614 1410 732 1433 auxilium
746 1417 786 1439 pe-

265 1446 384 1468 tit-802.
397 1444 434 1467 Ad
447 1444 655 1473 Agamemnonem
669 1441 786 1472 procedit,

264 1478 302 1500 cui
316 1477 429 1503 sollicito,
442 1476 628 1498 consultandum
641 1482 693 1497 esse
706 1475 748 1496 a'it.
762 1476 787 1497 Ξ.

269 1509 352 1537 1-63.
371 1509 481 1531 hortatur
493 1507 606 1530 Achivos.
625 1509 653 1529 O.
667 1506 787 1536 659—67.

265 1541 395 1564 Antilocho
408 1541 423 1563 f.
437 1544 558 1563 certamen
576 1539 671 1562 adituro
684 1539 709 1561 in
725 1538 788 1561 ludis

266 1573 369 1596 Patrocli
392 1573 530 1595 funebribus
551 1572 593 1594 dat
611 1574 737 1600 praecepta.
758 1573 788 1593 Ψ.

266 1612 384 1635 304—50.
397 1605 486 1627 donum
500 1604 587 1633 accipit
601 1604 630 1626 ab
642 1603 742 1626 Achille.
756 1602 787 1624 ib.

264 1638 402 1667 615-650.
433 1637 472 1659 De
484 1637 535 1665 ejus
547 1636 640 1663 poculo.
654 1635 684 1658 cf.
698 1636 788 1658 Aunot.

265 1671 294 1693 ad
312 1673 339 1692 A.
351 1670 405 1699 631.
442 1669 541 1696 Nestor,
558 1668 663 1698 juvenis,
682 1667 707 1690 in
728 1667 789 1689 bello

265 1702 386 1725 Arcadum
408 1709 462 1724 cum
485 1701 566 1731 Pyliis,
592 1699 787 1722 Ereuthalionem

265 1735 359 1757 cecidit.
372 1737 400 1756 Η.
415 1739 532 1763 133-55,
545 1733 575 1755 cf.
589 1736 617 1754 A.
632 1739 685 1762 319.
718 1731 789 1754 Occi-

265 1767 300 1789 dit
312 1773 407 1796 quoque
426 1766 590 1795 Itymoneum.
607 1767 635 1787 A.
647 1763 702 1793 671.
733 1764 788 1786 Mu-

266 1800 334 1821 lium.
348 1799 400 1828 738.
437 1798 464 1820 In
483 1797 546 1819 ludis
563 1796 706 1826 Amaryncei
720 1796 788 1818 fune-

265 1831 347 1853 bribus
361 1830 445 1853 victor.
458 1832 486 1852 Ψ.
500 1828 621 1860 629-43.
644 1828 762 1851 Achillem
775 1835 787 1850 e

268 1863 331 1886 Pelei
344 1863 415 1885 domo
428 1863 457 1885 ad
470 1861 570 1891 'frojam
588 1861 664 1883 duxit.
679 1868 701 1883 v.
715 1861 744 1882 ad
758 1863 785 1882 H.

269 1901 321 1924 127.

234 1928 326 1950 Niobes
338 1926 450 1956 superbia
463 1929 487 1948 et
498 1925 631 1948 calamitas.
645 1927 673 1947 Ω.
687 1923 742 1947 606.

234 1960 332 1985 Nireus,
345 1958 449 1987 Charopi
468 1965 497 1980 ex
515 1958 603 1987 Agla'ia
621 1957 648 1983 f.‚
667 1964 679 1979 e
698 1956 789 1979 Graecis

266 1992 375 2014 ducibus.
389 1994 414 2013 Β.
428 1990 482 2020 675.

236 2024 303 2046 Nisa.
318 2027 342 2046 B.
356 2024 410 2052 508.

234 2055 346 2085 Nisyrus.
357 2058 382 2077 B.
394 2054 450 2084 676.

235 2087 352 2113 Nomion,
373 2087 458 2110 Nastis
481 2090 505 2109 et
525 2085 691 2115 Amphimachi
714 2088 790 2114 pater.

268 2122 294 2141 B.
307 2119 361 2148 871.

235 2151 365 2180 Nymphae,
386 2151 410 2172 in
429 2151 560 2180 Olympum
581 2153 704 2172 vocantur.
724 2152 750 2172 Ὺ.
769 2156 790 2177 4.

267 2183 321 2204 -8,

822 1219 936 1249 Ὄνειρος,
948 1219 1015 1241 Jovis
1025 1219 1103 1248 jussu.
1116 1222 1142 1241 B.
1154 1224 1241 1248 5-15.

613 148 752 172 INDEX
784 148 995 173 NOMINUM

824 257 922 280 Ocalea.
936 260 961 279 B.
975 263 1030 286 501.

823 289 944 312 Oceanus.
957 292 981 312 Γ.
992 296 1014 319 5.
1028 290 1117 312 Annot.
1130 290 1160 312 ad
1177 292 1205 312 Η.
1218 296 1273 318 422.
1285 290 1377 319 Θ.478.

855 326 880 345 et
891 324 916 345 Ξ.
927 327 980 351 245.
993 322 1048 344 add.
1057 325 1086 344 Ψ.
1099 328 1153 351 205.
1165 321 1187 344 6.
1201 323 1265 344 Θεῶν
1276 321 1377 350 γένεσις.

856 362 877 376 v.
892 354 922 376 ad
935 356 961 377 Ξ.
975 361 1028 376 201.
1055 354 1170 377 Omnium
1192 354 1318 376 fluviorum
1332 355 1379 376 ori-

855 393 894 415 go.
907 389 934 408 Φ.
950 392 1051 416 ¹95—7·
1081 387 1146 409 Deos
1158 386 1269 409 convivio
1282 386 1379 416 excipit.

855 421 883 440 A.
896 424 951 446 423.
965 418 995 440 cf.
1009 419 1099 440 Annot.
1111 422 1135 440 et
1148 419 1177 441 ad
1190 420 1216 442 Σ.
1229 425 1284 446 402.

823 450 950 476 Ochesius,
963 450 1113 479 Periphantis
1122 454 1196 479 pater.
1210 453 1235 473 E.
1248 450 1304 479 843.

824 481 943 508 OEchalia,
956 481 1013 504 urbs
1028 482 1119 512 Euryti.
1134 485 1159 504 B.
1173 482 1226 513 596.
1243 488 1295 511 730.

825 513 929 540 OEneus,
944 513 1041 536 Porthei
1059 514 1088 540 f.‚
1103 513 1180 544 Tydei
1198 518 1273 543 pater.
1286 516 1312 537 Ξ.
1327 521 1379 543 115.

858 551 879 574 7.
898 545 928 568 cf.
947 547 1037 568 Annot.
1056 545 1262 575 Bellerophontem
1276 546 1379 575 hospitio

856 578 957 606 excepit.
970 580 995 600 Z.
1009 577 1062 600 216.
1075 585 1110 607 sq.
1119 578 1150 600 cf.
1162 579 1252 600 Annot.

825 609 932 640 OEtylus.
946 613 971 632 B.
985 609 1040 639 585.

823 642 916 664 Oileus.
942 642 1000 671 Ejus
1018 642 1035 664 f.
1052 642 1121 671 Ajax.
1143 645 1167 664 Β.
1181 641 1237 671 528.
1250 645 1274 664 et
1293 642 1380 664 nothus

857 674 954 696 Medon.
966 677 992 696 Β.
1008 679 1061 704 727.
1075 677 1102 696 O.
1114 681 1169 703 333.
1182 680 1204 702 4.

823 706 909 728 Olenia
922 713 998 735 rupes.
1013 709 1038 729 B.
1052 706 1106 736 617.

825 738 925 761 Olenus.
939 741 964 761 Β.
977 738 1031 768 639.

825 770 921 792 Olizon.
935 773 960 793 B.
976 776 1030 799 717.

824 803 952 825 010055011.
966 805 992 825 Β,
1008 808 1061 833 739.

825 835 954 864 Olympus.
973 842 995 857 ν.
1012 835 1041 857 ad
1059 837 1086 857 Α.
1100 834 1156 862 426.
1190 834 1289 864 Olympi
1311 841 1379 856 cacu-

858 874 921 889 men.
935 870 962 889 Θ.
975 874 1012 896 25-
1035 867 1155 897 Olympus
1167 866 1238 889 Jovis
1251 869 1309 888 nutu
1323 873 1380 888 con-

857 899 955 921 cutitur.
974 902 1001 921 A.
1015 904 1070 928 530.
1099 898 1198 928 Olympi
1219 898 1291 927 regia.
1310 906 1330 919 v.
1350 898 1380 920 ad

857 933 885 952 A.
899 930 953 953 606.
984 931 1019 953 lbi
1040 931 1107 953 sedes
1129 931 1244 953 Deorum.
1265 938 1286 952 v.
1304 930 1334 952 ad
1354 931 1379 953 Ξ.

860 969 913 992 225.
925 966 950 985 et
961 964 987 986 Σ.
999 963 1055 992 376.
1078 962 1114 985 lhi
1124 963 1187 985 vices
1199 962 1245 985 diei
1257 966 1281 985 et
1294 962 1379 984 noctis.

858 998 886 1017 A.
900 1002 921 1017 2.

827 1027 935 1057 Olympii
949 1034 971 1049 v.
986 1027 1036 1049 Dii.

825 1059 912 1081 Omen.
932 1062 957 1081 B.
970 1066 1016 1088 303
1038 1067 1072 1088 sq.
1091 1059 1121 1081 cf.
1133 1059 1223 1081 Annot.
1242 1058 1274 1081 ib.
1290 1063 1346 1087 350.
1358 1065 1379 1080 ν.

859 1091 888 1113 ad
902 1094 930 1113 Η.
945 1091 1000 1120 478.
1014 1094 1041 1113 Θ.
1056 1096 1156 1121 75—79.
1170 1091 1202 1113 ib.
1218 1096 1335 1120 132-35,
1349 1090 1379 1112 ib.

862 1129 949 1151 170.1.
969 1126 1000 1145 M.
1016 1130 1061 1146 200
1074 1131 1108 1153 sq.
1128 1126 1156 1145 N.
1168 1123 1225 1146 821.
1239 1129 1259 1145 2.
1279 1125 1306 1145 0.
1326 1127 1380 1151 377.

858 1158 885 1177 Ω.
897 1163 910 1184 3
916 1162 953 1178 20.

825 1188 969 1210 Onchestos.
983 1190 1007 1209 Β.
1021 1186 1076 1217 506.

1270 1218 1380 1241 Nestoris

859 1251 936 1273 forma
957 1251 1065 1277 indutus,
1086 1252 1296 1280 Agamemnonem
1318 1250 1380 1272 fullit

827 1315 929 1341 Onetor,
943 1315 1051 1345 Laogoni
1066 1318 1140 1344 pater.
1152 1317 1181 1336 Π.
1194 1314 1250 1342 604.

828 1347 980 1377 Ophelestes,
1002 1355 1015 1369 a
1036 1347 1131 1369 Teucro
1151 1347 1258 1369 caeditur.
1278 1348 1306 1368 Θ.
1327 1352 1381 1375 274.

861 1379 922 1402 alius
936 1379 964 1401 ab
979 1379 1080 1401 Achille.
1092 1381 1119 1401 Φ.
1132 1385 1185 1409 209.
1202 1385 1237 1401 ιο.

829 1411 967 1440 Ophelffius,
987 1411 1015 1433 ab
1034 1411 1141 1441 Euryalo
1159 1410 1282 1433 sternitur.
1300 1412 1324 1432 Z.
1343 1416 1380 1432 20.

861 1443 922 1465 alius
936 1443 965 1465 ab
979 1443 1092 1465 Hectore.
1105 1446 1132 1465 A.
1144 1449 1201 1471 302.

829 1474 922 1504 Opites,
935 1474 965 1497 ab
978 1475 1083 1498 Hectore
1095 1475 1229 1497 conficitur.
1243 1477 1269 1496 A.
1281 1479 1337 1501 301.

830 1507 1030 1537 Oppugnatioues
1054 1507 1158 1530 urbium.
1180 1514 1201 1528 v.
1226 1506 1256 1529 ad
1277 1509 1306 1528 Δ.
1327 1505 1380 1535 308.

863 1541 889 1562 Σ.
904 1546 916 1561 2
936 1546 958 1561 0.

830 1572 905 1600 Opus.
917 1546 942 1594 g.
955 1578 1010 1600 531.

830 1603 996 1630 Orchomenii,
1009 1603 1096 1632 quibus
1113 1603 1213 1626 ducibus
1229 1606 1253 1625 et
1265 1606 1323 1631 quot
1341 1609 1382 1624 na-

863 1635 931 1658 vibus
943 1635 972 1658 ad
982 1635 1082 1664 Trojam
1093 1635 1209 1658 venerint.
1224 1638 1248 1657 Β,
1260 1633 1380 1664 511-16,

831 1668 997 1690 Orchomenus
1009 1667 1125 1690 Arcadiae.
1139 1670 1164 1690 B.
1178 1667 1233 1697 605.

831 1700 998 1722 Orchomenus
1010 1699 1053 1722 sub
1067 1700 1167 1730 Minyis.
1181 1707 1202 1721 v.
1213 1699 1243 1722 ad
1256 1702 1281 1721 B.
1293 1704 1320 1727 51
1329 1705 1347 1720 1.
1357 1701 1381 1721 et

863 1735 881 1754 1.
893 1731 948 1760 381.

831 1764 918 1787 Orcus.
930 1764 960 1786 cf.
975 1764 1051 1786 Pluto.
1066 1764 1155 1786 Hades.

829 1796 933 1818 Ordines
945 1796 993 1818 duo
1005 1795 1130 1818 homiuum
1144 1803 1165 1818 v.
1179 1795 1208 1818 ad
1221 1798 1239 1817 1.
1251 1800 1307 1825 397.

830 1829 938 1855 Orestes,
950 1831 1028 1851 castra
1040 1828 1155 1850 adoritur.
1168 1830 1199 1850 M.
1213 1834 1265 1857 139.
1276 1834 1290 1849 a
1303 1827 1381 1849 Leon-

863 1864 901 1883 teo
913 1860 1020 1883 caeditur.
1036 1867 1087 1889 ¹93·

830 1892 938 1919 Orestes,
952 1892 1142 1921 Agamemnonis
1154 1892 1171 1914 f.
1184 1895 1201 1914 1.
1218 1897 1269 1919 142.

830 1924 950 1954 Orithyia,
964 1924 1059 1947 Nere‘is.
1071 1926 1097 1947 Σ.
1110 1924 1149 1952 48.

830 1956 982 1979 Ormenium.
996 1959 1021 1979 Β.
1037 1962 1090 1986 734.

831 1989 927 2011 Orueae.
941 1991 966 2011 B.
980 1994 1035 2017 571.

832 2021 981 2048 Orsilochus,
999 2020 1092 2043 Dioclis
1109 2019 1136 2047 f.‚
1154 2019 1183 2041 ab
1198 2019 1277 2041 AEnea
1294 2018 1381 2041 sterni-

864 2057 910 2076 tur.
923 2056 948 2075 E.
961 2052 1081 2082 541—60.

831 2085 981 2112 Orsilochus,
1003 2084 1088 2114 Alphei
1107 2083 1132 2111 f.‚
1152 2082 1245 2105 Dioclis
1263 2086 1337 2112 pater.
1354 2085 1380 2105 E.

833 2150 916 2172 Orthe.
930 2152 955 2171 Β.
968 2154 1021 2178 739.

828 2180 918 2207 '‘Oa-ira,
933 2181 994 2207 Dea,
1007 2179 1075 2202 Jovis
1083 2179 1151 2208 jussu
1165 2178 1269 2201 Achivos
1282 2179 1310 2201 nd
1323 2185 1379 2201 con-

864 2213 957 2235 cionem
972 2215 1047 2235 vocat.
1062 2214 1087 2233 Β.
1100 2218 1138 2240 93,
1152 2211 1181 2233 cf.
1197 2212 1286 2233 Annot.
