1520 2554
253 146 311 173 510
515 143 655 167 INDEX
676 143 888 168 NOMINUM
911 144 962 167 ET
986 143 1146 168 RERUM.

286 220 355 242 mede
371 220 517 249 explorator.
536 223 565 243 K.
580 220 715 250 231—563.
744 220 805 244 Dio·
880 228 901 243 v.
915 221 944 243 ad
957 223 986 243 Κ.
1000 228 1037 250 23,
1050 221 1079 244 cf.
1096 228 1148 251 133·
1161 227 1185 249 4.

287 252 380 274 medem
403 253 519 275 hortatur.
535 256 563 275 Λ.
579 260 632 282 312.
653 253 748 276 fortiter
767 260 805 276 res
846 254 884 277 De
897 253 1002 276 victimis
1014 253 1088 276 caesis.
1102 253 1132 276 cf.
1146 254 1175 276 ad
1189 256 1213 276 Γ.
1226 260 1281 284 292.

286 284 355 314 gerit.
369 290 423 314 335.
442 285 591 311 vulneratus,
606 285 803 313 servatur—488.
846 285 938 308 Vitium
957 285 1051 308 cultura
1063 285 1162 315 antiqua
1175 285 1238 309 inter
1248 287 1361 309 Thraces.
1374 294 1396 309 v.

285 317 504 346 Agamemnonem,
518 317 639 340 discedere
652 318 755 340 Achivos
765 317 805 346 ju·
879 318 908 340 ad
920 321 938 340 1.
951 323 988 347 72.

286 349 393 375 beatem,
408 350 522 372 retundit.
537 351 562 373 Ξ.
574 350 695 372 82—102.
720 350 803 372 Achil·
847 349 979 377 Vulcanus,
992 350 1077 372 Jovem
1091 353 1116 372 et
1126 350 1248 373 «lunonem
1267 350 1396 373 conciliare

286 381 326 407 lis,
339 381 368 403 ad
382 388 486 410 pugnam
499 382 591 404 ruentis
603 382 720 411 impetum
730 382 804 410 repri-
879 382 966 404 studet.
978 384 1005 403 A.
1019 381 1155 411 573—600.
1167 382 1277 406 Thetidis
1287 383 1396 413 precibus

286 413 338 435 mit.
358 416 384 435 Τ.
406 414 522 443 154—83.
542 417 566 436 et
585 419 705 443 215—37.
740 414 805 443 Aga·
879 417 1024 441 commotus,
1038 421 1105 436 arma
1117 414 1356 438 fabricatur-Achilli.
1369 416 1395 438 Σ.

286 445 423 467 memnonis
436 453 534 468 munera
547 446 576 468 ad
589 446 689 468 Achillis
701 445 806 468 tentoria
879 445 1016 476 369—613.
1030 449 1078 468 stat
1090 446 1119 468 ab
1130 446 1274 469 Achivorum
1289 447 1396 477 partibus

286 477 382 500 serenda
391 481 467 499 curat.
478 478 597 506 238--48.
613 477 728 500 Certatin
741 477 806 500 ludis
879 478 904 499 in
926 477 1019 506 proelio.
1043 480 1069 500 T.
1089 477 1128 506 36.
1152 482 1200 501 stat
1220 483 1304 502 contra
1329 480 1395 501 Xan-

285 509 390 532 Patrocli
412 509 560 532 funebribus.
588 513 616 532 Ψ.
640 514 758 539 700-37,
782 513 806 532 et
880 510 956 531 thum.
970 514 1007 538 73.
1020 515 1044 537 4.
1061 510 1095 532 nil
1115 517 1214 533 movens
1230 517 1282 542 ¹49*
1295 518 1396 540 eumque

289 547 407 570 755—79.
879 541 945 570 cogit
957 541 986 563 ab
998 541 1091 564 Achille
1103 542 1220 565 recedere.
1237 546 1263 566 Φ.
1275 544 1396 571 330—82.

254 573 314 602 Ejus
326 573 451 602 sapientia.
464 580 485 595 v.
498 573 527 595 ud
541 576 566 595 B.
582 571 635 604 169.
878 573 903 595 in
915 573 1047 603 Olympum
1061 574 1129 596 redit.
1143 574 1197 602 518.

255 606 314 634 Ejus
325 604 403 635 γέρας.
417 612 438 626 v.
451 605 480 628 ad
490 608 517 627 A.
533 606 586 635 138.
846 605 865 627 Α
879 605 939 628 dove
952 613 980 628 ex
994 606 1099 635 Olympo
1109 606 1223 635 dejectus.
1236 609 1263 628 A.
1276 613 1396 637 590-94.

254 638 371 660 Achillem
394 637 494 660 adduxit
511 638 540 659 ad
558 637 667 666 Trojam.
687 644 707 659 v.
727 638 757 659 ad
776 640 804 660 H.
878 638 908 660 cf.
922 639 1095 668 §.395—405.
1120 639 1253 667 Sceptrurn,
1266 639 1329 668 qnod
1343 642 1397 667 post

289 675 341 699 127.
369 669 469 698 Trojam
487 670 562 696 venit,
576 670 604 692 de
622 669 743 692 reddenda
756 670 805 692 He-
879 670 924 691 fuit
944 669 1145 698 Agamemnonis,
1168 670 1309 698 fabricatus,
1331 671 1397 694 (ledit

286 702 341 724 lena
353 705 458 724 acturus.
472 704 495 724 Γ.
510 701 564 724 206.
878 701 941 724 Jovi.
955 705 980 724 B.
998 709 1051 729 101,
1063 709 1083 724 2.
1118 702 1176 731 Ejus
1186 703 1297 725 sacerdos
1310 703 1396 725 Dares.

256 734 332 757 Uraui
345 734 480 763 progenies.
494 737 518 756 E.
533 734 587 765 898.
601 734 632 756 cf.
645 734 735 756 Annot.
878 736 904 756 E.
920 741 955 756 10.
989 734 1048 763 Ejus
1059 734 1161 756 officina.
1175 742 1194 756 v.
1209 735 1238 757 ad
1251 737 1277 758 Σ.
1294 741 1346 763 142.

255 798 292 821 De
310 797 373 819 vallo
386 800 520 820 castrorum
534 798 681 820 Achivorum
694 798 725 820 cf.
738 798 768 820 ad
787 801 805 820 1.
846 797 960 820 Xanthus
980 805 998 820 s.
1019 798 1176 825 Scamander,
1195 799 1229 825 fl..
1246 799 1315 821 Jovis
1335 799 1350 820 f.
1369 801 1394 821 Β.

287 829 324 852 66.
339 833 363 851 et
374 832 405 851 M.
417 829 473 858 386.
877 829 932 859 465.
947 835 967 859 7.
980 829 1036 859 877.
1050 833 1075 852 E.
1089 835 1142 859 774.
1155 831 1186 853 cf.
1199 831 1289 853 Auuot.
1303 834 1329 853 Θ.
1339 830 1394 860 556.

255 862 335 884 Vates.
347 869 367 883 v.
382 861 410 883 ad
424 864 452 883 Η.
464 868 503 890 53.
515 866 538 884 et
549 863 577 884 ad
591 864 619 884 Ω.
633 869 687 884 221.
878 864 910 884 M.
925 869 962 885 21.
981 864 1006 885 Ξ.
1019 868 1075 890 434.
1093 865 1118 884 Φ.
1133 869 1154 884 z.
1172 865 1200 884 Ω.
1212 862 1268 892 693.
1297 863 1354 885 Abit
1371 863 1395 885 in

255 895 346 921 Venus,
360 893 525 916 Alexandrum
539 894 610 916 morti
621 894 699 923 eripit.
713 896 737 916 Γ.
749 894 803 923 380.
878 897 957 923 partes
969 894 1061 916 Troum
1079 894 1104 916 in
1122 894 1241 923 proelium.
1258 898 1284 917 Ὺ.
1297 901 1336 922 40.
1348 898 1397 918 stat

287 926 406 949 Helenam
418 926 447 948 ad
460 933 513 948 eum
527 927 683 955 ducit—425.
700 926 802 948 AEneam
878 930 962 948 contra
974 926 1118 948 Vulcanum.
1130 932 1167 955 73.
1178 936 1201 956 4.
1212 927 1296 949 otiose.
1311 933 1363 956 151.
1373 934 1395 950 2.

286 962 372 981 servat.
387 960 411 980 E.
427 958 546 987 311-18.
564 966 577 981 a
594 958 710 981 Diomede
723 958 804 981 vulne·
879 958 995 980 Achillem
1009 958 1154 987 perditurus,
1168 966 1181 981 a
1192 959 1291 981 ‘Iunone
1300 963 1324 981 et
1337 959 1396 981 Vul-

286 995 361 1013 mtur.
378 997 499 1018 330—43.
518 998 571 1013 cum
592 991 654 1013 lride
674 990 698 1012 in
719 990 804 1020 Olym-
878 997 939 1013 cano
951 990 1048 1020 cogitur
1060 991 1146 1020 proelio
1158 991 1286 1014 abstinere.
1302 994 1329 1013 Φ.
1344 990 1396 1021 136.

286 1030 342 1052 puni
358 1022 539 1052 vehitur—370.
551 1023 643 1045 ‹lnuoni
655 1026 745 1045 cestum
756 1023 804 1045 dat.
878 1022 966 1052 -384-

287 1057 312 1079 Ξ.
328 1055 461 1084 187—224.
481 1055 510 1077 ad
529 1059 608 1083 partes
625 1055 716 1077 Troum
736 1058 804 1077 tuen·
846 1055 905 1084 Ejus
925 1055 1034 1077 sacerdos
1055 1054 1186 1084 Dolopiou.
1203 1058 1228 1077 E.
1249 1061 1286 1085 77.
1303 1056 1333 1079 cf.
1346 1056 1395 1078 An-

286 1088 328 1110 das
346 1087 403 1109 abit.
416 1089 442 1109 Ύ.
455 1093 494 1114 40.
529 1087 634 1110 Martem
652 1087 803 1109 vulneratum
879 1090 929 1109 not.

286 1119 416 1145 abducens,
440 1127 454 1141 a
478 1119 589 1142 Minerva
614 1120 751 1148 percutitur.
776 1122 803 1141 Φ.
846 1119 967 1147 Xanthus,
988 1118 1113 1148 Phaenopis
1133 1119 1160 1147 f.‚
1178 1127 1193 1142 a
1212 1119 1331 1143 Diomede
1350 1127 1395 1143 cae-

285 1150 406 1179 416—26.
434 1151 547 1174 Hectoris
564 1159 651 1181 corpus
670 1159 683 1173 a
703 1151 803 1173 canibus
877 1152 950 1174 ditur.
963 1154 988 1173 E.
1004 1158 1057 1180 152.
1070 1157 1092 1180 5.

286 1187 374 1206 tuetur.
391 1186 421 1205 Ψ.
440 1184 540 1213 185—7.
576 1184 659 1206 AEneae
678 1187 754 1205 mater
773 1191 802 1205 ex
1107 1183 1135 1205 Z.

288 1215 399 1238 Anchise.
414 1218 438 1237 B.
451 1215 506 1238 820.
525 1219 551 1238 Ὺ,
566 1216 619 1238 208.
632 1222 654 1245 9.
689 1216 747 1244 Ejus
760 1215 802 1237 do·
845 1215 990 1244 Zacynthus.
1004 1217 1030 1236 Β.
1044 1214 1098 1243 634.

287 1255 344 1269 num
358 1247 537 1270 Andromaches
553 1247 687 1277 κρήδεμνον.
705 1250 734 1269 X.
748 1253 802 1276 470.
845 1247 925 1269 Zelea.
938 1249 964 1268 B.
978 1246 1034 1274 824.

286 1280 345 1308 Ejus
364 1286 470 1301 munera.
485 1282 508 1301 Γ.
522 1286 560 1309 54.
591 1280 628 1302 De
641 1280 739 1301 notione
752 1280 802 1308 ejus
845 1278 975 1308 Zephyrus.
990 1281 1014 1300 B.
1031 1285 1082 1308 147.
1102 1278 1132 1301 cf.
1146 1280 1237 1301 Annot.
1256 1279 1285 1301 ab
1301 1280 1394 1303 Achille

286 1317 310 1334 et
322 1318 403 1333 amore
416 1311 511 1333 Martis.
525 1319 545 1333 v.
558 1312 586 1334 ad
601 1314 626 1333 E.
637 1318 694 1340 330.
876 1314 1004 1340 exoptatus
1016 1311 1089 1333 veuit.
1102 1313 1130 1333 Ψ,
1148 1318 1281 1340 194—230.
1301 1312 1393 1335 Xanthi

254 1344 361 1367 Vestitus
369 1343 478 1371 heroum,
489 1343 679 1373 Agamemnonis
691 1343 800 1366 maxime.
875 1347 900 1365 et
910 1342 973 1365 Balii
983 1346 1051 1372 pater
1063 1350 1075 1365 c
1088 1343 1202 1372 Podarge.
1216 1346 1245 1365 Π.
1261 1350 1313 1373 150.
