1520 2554
134 178 222 203 Lm.
243 180 350 204 xvu.
537 171 732 203 ΙΛΙΑΔΟΣ
765 171 798 201 P.
845 182 870 201 ι.
1206 175 1277 211 187

132 272 211 290 versa
234 262 344 290 Hector
366 261 401 290 ad
423 271 511 298 equos
533 261 562 288 in
584 266 758 299 potestatem
780 260 953 299 redigendos
971 261 1124 299 procurrit,
1143 261 1280 298 adjuncto

132 303 226 330 zEnea
241 307 270 330 et
285 301 366 335 aliis;
389 307 487 329 contra
502 301 688 329 Automedon
706 302 808 338 Ajaccs
823 307 852 329 et
869 300 1037 329 Menelaum
1054 301 1163 328 auxilio
1178 308 1279 335 vocat,-

132 342 255 370 Aretum
272 341 352 369 hasta
367 341 482 377 trajicit,
500 341 561 379 ipse
581 341 717 369 Hectoris
736 341 846 369 hastam
868 341 967 374 evitat,
988 341 1037 378 qui
1058 340 1281 369 adventantibus

132 381 279 419 Ajacibus,
292 391 356 409 cum
371 382 463 409 [Enea
473 387 502 409 et
515 381 660 413 Chromio,
673 381 790 413 recedit,
803 380 1043 419 spoliandumque
1055 380 1179 408 Aretum
1193 380 1280 409 relin-

131 422 302 458 quit—542.
315 431 372 458 quo
384 421 460 448 facto
473 421 579 449 Achivi
590 421 664 449 vires
677 421 821 458 recipiunt
833 433 840 454 ;
857 421 1001 453 Minerva,
1019 420 1166 448 Phoenicis
1178 421 1279 449 faciem

131 462 262 494 mentita,
283 461 392 488 animos
411 460 535 489 addente
546 470 666 498 ,·—573.
687 466 716 488 at
738 461 773 488 ab
795 460 940 499 Apolline,
963 461 1016 488 sub
1037 460 1191 498 Phaenopis
1214 460 1280 489 Asii

131 501 222 528 forma
233 501 341 529 latente
356 501 391 529 de
403 511 474 528 caeso
487 501 614 538 Trojano
628 501 707 529 Pode
719 501 856 534 monitus,
869 500 967 528 dolore
977 500 1144 528 stimulatus
1157 501 1278 533 Hector,

131 541 270 579 impetum
294 541 322 568 in
338 541 466 568 Achivos
488 541 566 574 facit,
582 546 621 574 et,
644 541 719 569 Jove
741 546 870 574 tonante,
886 541 984 578 fugam
1007 541 1042 568 iis
1064 540 1278 577 injicit.-—596.

132 581 263 618 Fugiunt
280 581 420 609 vulnerati
438 580 579 609 Peneleos
594 587 623 609 et
639 581 751 613 Leitus,
770 581 876 614 Boeoti,
893 581 969 618 fugit
985 591 1057 608 caeso
1072 580 1196 608 Coerano
1212 581 1280 608 Ido-

130 631 248 649 meneus
263 626 292 649 et
314 621 552 649 Meriones—62
557 630 582 658 5.
598 621 672 658 Ajax
694 621 793 658 fugam
809 620 949 649 divinitus
967 620 1122 648 immissam
1143 621 1279 654 sentiens,

131 660 298 689 Menelaum
312 661 395 698 jubet
409 661 628 699 circumspicere
640 661 841 693 Antilochum,
854 666 887 688 ut
902 661 1036 688 mittatur
1047 660 1083 687 ad
1095 660 1231 688 nuntium
1244 661 1280 689 de

132 700 257 729 Patrocli
273 706 365 729 morte
381 701 485 729 Achilli
501 701 671 735 fcrendum;
694 701 816 738 caligine
836 711 872 729 ex
893 700 1021 738 pulveris
1035 701 1105 728 moti
1127 701 1203 728 nube
1221 700 1279 729 dis-

131 740 212 778 pulsa
228 740 380 769 Menelaus
396 741 431 768 ad
446 741 633 769 Antilochum
650 741 780 779 procedit
790 753 798 775 ,·
823 740 1023 777 mandatisque
1039 740 1065 768 ei
1081 740 1155 768 datis
1171 740 1207 767 ad
1223 741 1279 768 Pa-

131 780 213 808 trocli
229 791 332 819 corpus
350 782 615 817 revertitur—706.
639 781 776 809 Menelao
795 786 912 808 auctore
932 780 1084 808 consilium
1105 780 1227 818 capitur,
1247 786 1279 808 ut

132 820 191 858 ipse
204 826 232 848 et
246 821 393 849 Meriones
408 831 511 859 corpus
526 822 703 859 absportent,
720 821 825 858 Ajaces
840 826 936 849 autem
953 821 1065 848 hostem
1080 820 1279 848 imminentem

131 866 318 895 avertant—7
326 871 339 888 2
344 870 370 896 3.
395 862 592 898 Insequuntur
604 871 651 889 eos
666 862 805 889 abeuntes
817 861 842 888 T
846 861 946 898 rojani,
959 861 994 888 ab
1006 860 1145 897 Ajacibus
1157 860 1279 888 subinde

131 910 161 928 sc
176 901 410 928 convertentibus
425 901 546 939 repressi
559 912 566 934 3
590 901 621 928 fit
636 907 733 929 tamen
748 901 817 937 fuga
832 901 910 928 foeda
925 900 1167 928 Achivorum—f.

173 940 300 967 Deorum
316 951 402 978 opera
417 941 446 968 in
466 941 520 968 hoc
535 940 608 968 libro
624 945 642 967 P
657 946 701 968 est
720 946 833 968 tantum
850 940 993 978 episodica
1005 952 1012 973 ;
1036 950 1101 967 nam
1119 940 1279 968 Hectorem

133 980 161 1006 iu
177 980 374 1018 persequendo
386 981 608 1013 Automedonte,
625 981 723 1018 auriga
740 980 876 1013 Patrocli,
892 986 1075 1018 occupatum,
1088 979 1157 1007 dum
1170 980 1280 1008 interea

134 1019 308 1057 Euphorbus
324 1020 453 1054 caeditur,
469 1026 583 1048 revocat
600 1020 703 1058 Apollo
718 1021 844 1056 72—82.
866 1020 1039 1057 Achivisque
1051 1025 1161 1047 metum
1174 1020 1279 1048 incutit

136 1069 144 1086 1
157 1069 163 1086 ι
174 1060 199 1087 8.
214 1060 341 1088 Hectore
353 1066 450 1098 erepta
464 1060 598 1088 Patroclo
610 1071 687 1088 arma
698 1060 816 1088 Achillis
831 1060 980 1093 induente,
993 1060 1110 1098 Jupiter
1123 1060 1279 1088 instantem

131 1100 193 1136 ejus
209 1106 328 1128 mortem
345 1101 499 1131 ominatur.
521 1101 698 1138 superiorem
718 1106 814 1128 tamen
835 1110 931 1138 pugna
951 1100 1038 1137 hujus
1053 1100 1111 1127 diei
1130 1110 1196 1127 eum
1217 1100 1279 1128 fore

131 1140 274 1177 promittit
293 1140 454 1176 198—209.
471 1140 551 1168 Idem
564 1140 682 1177 Jupiter
694 1140 792 1168 studet
806 1140 921 1168 Achivis
936 1150 1040 1178 corpus
1055 1139 1180 1167 Patrocli
1193 1145 1278 1167 tuen-

131 1179 208 1206 tibus
221 1180 386 1216 268—272.
411 1180 589 1208 Cedentibus
601 1180 735 1216 Trojanis
746 1180 861 1218 Apollo,
875 1185 1001 1207 assumta
1013 1179 1107 1217 specie
1118 1179 1279 1217 Periphan-

130 1219 177 1249 tis,
191 1219 282 1257 Epyti
294 1220 313 1247 f.
325 1220 472 1258 praeconis,
485 1220 619 1253 [Eue-am,
632 1225 665 1247 ut
677 1220 815 1248 virtutem
826 1225 948 1253 exserat,
961 1220 1094 1247 hortatur
1106 1228 1142 1255 3²
1152 1229 1276 1255 1—334.

130 1259 248 1296 Jupiter
274 1266 369 1288 autem
397 1270 486 1297 equos
517 1260 650 1287 Patroclo
675 1270 747 1287 caeso
768 1265 924 1287 moerentes
948 1265 977 1287 et
1003 1265 1139 1296 tanquam
1168 1259 1279 1287 defixos

130 1304 238 1327 stantes
254 1305 359 1333 movet,
376 1306 408 1328 ut
424 1300 528 1328 iterum
544 1300 573 1327 in
590 1310 715 1338 pugnam
731 1305 913 1328 revertantur
928 1299 1099 1336 ,μμ-456.
1118 1309 1185 1327 mox
1202 1299 1277 1327 idem

130 1339 214 1366 missa
237 1340 381 1373 Minerva,
397 1350 460 1377 quae
483 1340 569 1367 Iridis
591 1340 685 1378 specie
705 1340 778 1368 coelo
796 1339 953 1371 descendit,
972 1350 1037 1367 cum
1058 1339 1093 1367 ad
1114 1340 1168 1367 hoc
1187 1349 1278 1377 usque

130 1384 245 1416 tempus
260 1379 308 1407 illa
320 1380 349 1407 in
362 1380 488 1418 Olympo
499 1380 629 1413 sedisset,
642 1391 706 1407 cum
723 1380 826 1408 ceteris
838 1380 892 1408 diis
904 1379 971 1408 inde
983 1390 998 1407 a
1010 1384 1044 1407 Θ.
1057 1380 1126 1415 426.
1138 1390 1179 1417 sq.
1191 1380 1278 1407 etiam

130 1423 161 1445 O.
184 1428 245 1454 123.
266 1430 306 1456 sq.
330 1420 458 1448 Achivos
479 1420 613 1451 concitat,
638 1420 768 1458 inprimis
790 1420 959 1448 BIenelaum
984 1420 1130 1447 Phoenicis
1152 1420 1277 1457 speciem

131 1463 263 1486 mutuata
289 1468 455 1496 544—573.
487 1460 641 1488 Menelaus
668 1460 767 1488 Poden
791 1461 984 1497 necat—581.
1016 1460 1093 1487 Tum
1118 1460 1277 1488 Hectorem

132 1497 240 1535 Apollo
263 1499 425 1537 Phaenopss,
443 1500 507 1527 Asii
523 1500 543 1527 f.
561 1510 682 1537 persona
704 1506 808 1531 sumta.
827 1500 962 1532 concitat,
983 1505 1015 1527 ut
1035 1499 1071 1527 ad
1091 1509 1153 1527 eam
1173 1510 1278 1538 pugnae

132 1543 241 1574 partem
257 1538 389 1572 advolet;
406 1539 590 1567 confirmatur
602 1539 650 1567 ille
662 1540 757 1567 animo
769 1540 881 1567 tonitru
896 1539 1116 1572 audita-606.
1134 1540 1278 1577 Inscripta

130 1577 187 1605 fuit
201 1578 368 1616 rhapsodia:
393 1582 518 1606 Μενελάιυ
532 1582 647 1615 ἀριστεία
662 1579 763 1607 saltem
778 1579 807 1606 in
824 1579 933 1607 tuendo
950 1579 1077 1607 Patrocli
1093 1589 1220 1617 corpore.

227 1694 466 1730 ΥΠΟΘΕΣΙΣ
496 1694 588 1729 ΤΗΣ
620 1697 654 1728 Ρ.
693 1690 903 1728 ὉΜΗΡΟΥ
934 1695 1198 1729 ΡΑΨΩΙΔΙΑΣ.

133 1781 231 1820 ΙΙΕΡΙ
248 1798 287 1820 τοῦ
303 1794 444 1830 Πατρᾶκλου
462 1797 577 1829 σώματος
595 1796 701 1830 κρατερὰ
720 1795 870 1820 συνίσταται
886 1796 966 1828 μα’χη,
982 1795 1036 1820 καθ’
1058 1793 1084 1826 ἢν
1100 1795 1222 1830 Εὔφορβος
1234 1795 1279 1828 μὲν

129 1837 266 1869 ἀναιρεῖται
282 1835 325 1861 ἐπὸ
344 1837 480 1865 Μενελάου,
495 1834 588 1870 ιἝκτωρ
604 1834 629 1861 δὲ
648 1835 691 1867 τὴν
710 1835 844 1868 Ἀχιλλέως
858 1835 966 1860 ἐνδύεται
984 1834 1127 1866 πανοπλίαν,
1148 1835 1189 1860 καὶ
1209 1836 1278 1862 ἀνθί-

131 1885 227 1901 σταται
242 1878 290 1905 τοῖς
299 1874 416 1908 'Ennea
459 1877 491 1901 Οἱ
507 1875 530 1902 δὲ
550 1876 601 1911 περὶ
616 1875 741 1901 Μενέλαον
762 1876 904 1908 Ἀντίλοχον
924 1873 1100 1908 διαπέμπονται
1119 1875 1171 1910 πρὸς
1190 1877 1278 1909 Ἀχιλ-

131 1915 187 1945 λέα,
209 1914 249 1940 τὸν
271 1915 412 1950 Πατρόκλου
433 1917 538 1942 θάνατον
559 1918 722 1950 ἀγγελοῦντα.
751 1916 890 1945 “Τποδυ’ντες
911 1914 935 1941 δὲ
957 1915 999 1940 καὶ
1020 1916 1134 1950 ἀράμενοι
1155 1915 1182 1941 τὸ
1203 1918 1278 1950 σῶμα

131 1957 179 1982 τοῖς
193 1952 270 1988 ὅμως,
285 1955 410 1991 ἐκφέρουσι
429 1957 471 1988 τῆς
484 1957 575 1990 μάχης
591 1957 611 1981 οἱ
625 1955 649 1981 δὲ
670 1954 772 1986 Αἴαντες
790 1958 940 1991 προμαχῶσι
955 1955 996 1980 καὶ
1015 1956 1154 1990 ἀπείργουσι
1169 1957 1222 1986 τοὺς
1234 1967 1276 1982 πο-

131 1995 231 2028 λεμιόυς.

323 2059 387 2093 Ῥῶ,
405 2059 509 2088 Δαναοὶ
524 2058 614 2098 Τρῶές
630 2071 659 2088 τε
676 2058 750 2088 νέκυν
766 2058 825 2099 πέρι
839 2061 939 2100 χεῖρας
956 2058 1079 2100 ἔμισγον.

131 2120 243 2160 ΟΥΔ’
264 2120 356 2160 ἕλοιθ’
377 2121 504 2174 Ἀτρέος
525 2122 598 2166 viiiv,
619 2122 805 2174 ’Apnffqsmov
824 2122 1003 2166 Μενέλαον,

165 2217 249 2240 ι-6ο,
269 2216 404 2243 Menelaus,
415 2224 471 2239 cum
485 2217 581 2240 vidisset
598 2217 734 2240 Patroclum
750 2225 844 2245 cffiffllm,
857 2222 914 2240 ante
925 2217 998 2240 aciem
1014 2216 1133 2246 procurrit
1148 2217 1178 2238 ad
1190 2224 1275 2246 corpus

130 2250 255 2273 tuendum.
291 2249 401 2272 Ooeum't
418 2249 438 2272 ei
456 2249 609 2280 Euphorbus,
623 2250 711 2272 Panthi
731 2250 746 2272 s.
765 2250 899 2280 frustraque
916 2249 987 2272 m'mis
1004 2253 1094 2276 terren
1114 2256 1195 2279 pugna
1213 2249 1276 2272 facta

656 2283 738 2310 Bbz
